<?xml version="1.0" encoding="UTF-8"?><collection xmlns="http://www.loc.gov/MARC21/slim"><record><leader>00450nam--2200169-i-4500</leader><controlfield tag="001">000009625</controlfield><controlfield tag="002">20161230</controlfield><controlfield tag="005">20170103230451</controlfield><controlfield tag="008">060222s1000------------r-----000-0-eng-d</controlfield><datafield ind1=" " ind2=" " tag="040"><subfield code="a">IFIN-HH</subfield></datafield><datafield ind1=" " ind2=" " tag="080"><subfield code="a">530.1</subfield></datafield><datafield ind1="1" ind2=" " tag="100"><subfield code="a">Cooper, Leon N</subfield></datafield><datafield ind1="1" ind2="0" tag="245"><subfield code="a">An introduction to the meaning and structure of physics</subfield><subfield code="c">Leon N. Cooper</subfield></datafield><datafield ind1=" " ind2=" " tag="260"><subfield code="a">New York</subfield><subfield code="b">Harper &amp; Row</subfield><subfield code="c">1969</subfield></datafield><datafield ind1=" " ind2=" " tag="300"><subfield code="a">XI + 701 p</subfield></datafield><datafield ind1=" " ind2=" " tag="852"><subfield code="a">34430</subfield><subfield code="c">53</subfield></datafield><datafield ind1=" " ind2=" " tag="CAT"><subfield code="a">SYS</subfield><subfield code="c">20170103</subfield><subfield code="h">230451</subfield></datafield></record></collection>